<?xml version="1.0" encoding="UTF-8"?><record xmlns="http://www.loc.gov/MARC21/slim" xmlns:cinclude="http://apache.org/cocoon/include/1.0" xmlns:zs="http://www.loc.gov/zing/srw/">
  <leader>00426nz  a2200133n  4500</leader>
  <controlfield tag="001">n  88681264 </controlfield>
  <controlfield tag="003">DLC</controlfield>
  <controlfield tag="005">19881220172905.4</controlfield>
  <controlfield tag="008">881220n| acannaab|          |n aad |||  </controlfield>
  <datafield tag="010" ind1=" " ind2=" ">
    <subfield code="a">n  88681264 </subfield>
  </datafield>
  <datafield tag="040" ind1=" " ind2=" ">
    <subfield code="a">DLC</subfield>
    <subfield code="c">DLC</subfield>
  </datafield>
  <datafield tag="100" ind1="1" ind2="0">
    <subfield code="a">Bannerman, Patricia</subfield>
  </datafield>
  <datafield tag="667" ind1=" " ind2=" ">
    <subfield code="a">NLC not consulted.</subfield>
  </datafield>
  <datafield tag="670" ind1=" " ind2=" ">
    <subfield code="a">nuc88-139681: Bannerman, G. The ships of British Columbia, c1985</subfield>
    <subfield code="b">(hdg. on CaOTU rept.: Bannerman, Patricia; usage: Patricia Bannerman)</subfield>
  </datafield>
</record>